@article{anderson2004beyond,
  title={Beyond PowerPoint: Building a new classroom presenter},
  author={Anderson, Richard},
  journal={SYLLABUS-SUNNYVALE THEN CHATSWORTH-},
  volume={17},
  pages={31--33},
  year={2004},
  publisher={101communications}
}

@misc{powerpoint2017,
  title = {PowerPoint},
  howpublished = {\url{https://products.office.com/en-us/powerpoint/}},
  year = {2017},
  month = {March},
  note = {Accessed: 2017-03-27}
}

@misc{keynote2017,
  title = {Keynote},
  howpublished = {\url{http://www.apple.com/keynote/}},
  year = {2017},
  month = {March},
  note = {Accessed: 2017-03-27}
}

@misc{googleslides2017,
  title = {Google Slides},
  howpublished = {\url{https://www.google.com/slides/about/}},
  year = {2017},
  month = {Apr},
  note = {Accessed: 2017-04-1}
}

@misc{prezi2017,
  title = {Prezi},
  howpublished = {\url{https://prezi.com/}},
  year = {2017},
  month = {Apr},
  note = {Accessed: 2017-04-1}
}

@inproceedings{holman2006fly,
  title={Fly: An organic presentation tool},
  author={Holman, David and Stojadinovi{\'c}, Predrag and Karrer, Thorsten and Borchers, Jan},
  booktitle={CHI'06 extended abstracts on human factors in computing systems},
  pages={863--868},
  year={2006},
  organization={ACM}
}

@article{good2002zoomable,
  title={Zoomable user interfaces as a medium for slide show presentations},
  author={Good, Lance and Bederson, Benjamin B},
  journal={Information Visualization},
  volume={1},
  number={1},
  pages={35--49},
  year={2002},
  publisher={SAGE Publications}
}

@techreport{moscovich2004customizable,
  title={Customizable presentations},
  author={Moscovich, Tomer and Scholz, Karin and Hughes, John F and Salesin, D},
  year={2004},
  institution={Technical Report CS-04-16, Computer Science Department, Brown University}
}

@inproceedings{lichtschlag2009fly,
  title={Fly: a tool to author planar presentations},
  author={Lichtschlag, Leonhard and Karrer, Thorsten and Borchers, Jan},
  booktitle={Proceedings of the SIGCHI Conference on Human Factors in Computing Systems},
  pages={547--556},
  year={2009},
  organization={ACM}
}

@inproceedings{drucker2006comparing,
  title={Comparing and managing multiple versions of slide presentations},
  author={Drucker, Steven M and Petschnigg, Georg and Agrawala, Maneesh},
  booktitle={Proceedings of the 19th annual ACM symposium on User interface software and technology},
  pages={47--56},
  year={2006},
  organization={ACM}
}

@inproceedings{nelson1999palette,
  title={Palette: a paper interface for giving presentations},
  author={Nelson, Les and Ichimura, Satoshi and Pedersen, Elin R{\o}nby and Adams, Lia},
  booktitle={Proceedings of the SIGCHI conference on Human Factors in Computing Systems},
  pages={354--361},
  year={1999},
  organization={ACM}
}

@article{baudel1993charade,
  title={Charade: remote control of objects using free-hand gestures},
  author={Baudel, Thomas and Beaudouin-Lafon, Michel},
  journal={Communications of the ACM},
  volume={36},
  number={7},
  pages={28--35},
  year={1993},
  publisher={ACM}
}

@inproceedings{cheng2003direct,
  title={Direct interaction with large-scale display systems using infrared laser tracking devices},
  author={Cheng, Kelvin and Pulo, Kevin},
  booktitle={Proceedings of the Asia-Pacific symposium on Information visualisation-Volume 24},
  pages={67--74},
  year={2003},
  organization={Australian Computer Society, Inc.}
}

@inproceedings{cao2005evaluation,
  title={Evaluation of alternative presentation control techniques},
  author={Cao, Xiang and Ofek, Eyal and Vronay, David},
  booktitle={CHI'05 Extended Abstracts on Human Factors in Computing Systems},
  pages={1248--1251},
  year={2005},
  organization={ACM}
}

@article{anderson2007classroom,
  title={Classroom presenter: Enhancing interactive education with digital ink},
  author={Anderson, Richard and Davis, Peter and Linnell, Natalie and Prince, Craig and Razmo, V and Videon, Fred},
  journal={Computer},
  volume={40},
  number={9},
  year={2007},
  publisher={IEEE}
}

@inproceedings{yoon2013texttearing,
  title={TextTearing: opening white space for digital ink annotation},
  author={Yoon, Dongwook and Chen, Nicholas and Guimbreti{\`e}re, Fran{\c{c}}ois},
  booktitle={Proceedings of the 26th annual ACM symposium on User interface software and technology},
  pages={107--112},
  year={2013},
  organization={ACM}
}

@inproceedings{anderson2004study,
  title={A study of digital ink in lecture presentation},
  author={Anderson, Richard J and Hoyer, Crystal and Wolfman, Steven A and Anderson, Ruth},
  booktitle={Proceedings of the SIGCHI conference on Human factors in computing systems},
  pages={567--574},
  year={2004},
  organization={ACM}
}

@article{frey2002learners,
  title={Learners' Perceptions on the Value of PowerPoint in Lectures.},
  author={Frey, Barbara A and Birnbaum, David J},
  year={2002},
  publisher={ERIC}
}


@misc{supermetroid:snes,
	Address = {Kyoto, Japan},
	Author = {{Nintendo R\&D1} and {Intelligent Systems}},
	Day = {18},
	Howpublished = {Game [SNES]},
	Month = {April},
	Note = {Nintendo, Kyoto, Japan. Played August 2011.},
	Publisher = {Nintendo},
	Title = {\emph{Super Metroid}},
	Year = {1994}
}

@inproceedings{Klemmer:2002:WSC:503376.503378,
  author =       {Klemmer, Scott R. and Thomsen, Michael and
                  Phelps-Goodman, Ethan and Lee, Robert and Landay,
                  James A.},
  title =        {Where Do Web Sites Come from?: Capturing and
                  Interacting with Design History},
  booktitle =    {Proceedings of the SIGCHI Conference on Human
                  Factors in Computing Systems},
  series =       {CHI '02},
  year =         2002,
  isbn =         {1-58113-453-3},
  location =     {Minneapolis, Minnesota, USA},
  pages =        {1--8},
  url =          {http://doi.acm.org/10.1145/503376.503378},
  doi =          {10.1145/503376.503378},
  acmid =        503378,
  publisher =    {ACM},
  address =      {New York, NY, USA},
  keywords =     {CSCW, activity capture, design rationale, history
                  management, informal interfaces, sketching, tangible
                  UI, web design},
}

@inproceedings{Mather:2000:MUT,
  title =        {Making up titles for conference papers},
  author =       {Mather, B. D.},
  booktitle =    {Ext. Abstracts CHI 2000},
  year =         2000,
  publisher =    "ACM Press",
  pages =        "1-2",
}

@book{Schwartz:1995:GBF,
  title =        {Guidelines for Bias-Free Writing},
  author =       {Marilyn Schwartz},
  address =      {Bloomington, IN, USA},
  year =         1995,
  publisher =    {ERIC}
}

@inproceedings{Zellweger:2001:FAO:504216.504224,
  author =       {Zellweger, Polle T. and Bouvin, Niels Olof and
                  Jeh{\o}j, Henning and Mackinlay, Jock D.},
  title =        {Fluid annotations in an open world},
  booktitle =    {Proc. Hypertext 2001},
  year =         2001,
  pages =        {9--18},
  publisher =    {ACM Press},
}

@misc{acm_categories,
  key =          "ACM",
  author =       {ACM},
  title =        {How to Classify Works Using ACM's Computing
                  Classification System},
  year =         1998,
  note =         {\url{http://www.acm.org/class/how_to_use.html}},
}

@Misc{cavender:writing,
  author =       {Anna Cavender and Shari Trewin and Vicki Hanson},
  title =        {Accessible Writing Guide},
  year =         2014,
  day =          22,
  note =
                  {\url{http://www.sigaccess.org/welcome-to-sigaccess/resources/accessible-writing-guide/}},
  annote =       {URL}
}

@article{ethics,
  title =        {{Social Impacts of Computing: Codes of Professional
                  Ethics}},
  author =       {R. E. Anderson},
  doi =          "10.1177/089443939201000402",
  journal =      "Social Science Computer Review December",
  year =         1992,
  volume =       10,
  number =       4,
  pages =        "453-469"
}

@Misc{heilig:sensorama,
  author =       {Morton L. Heilig},
  title =        {Sensorama Simulator},
  howpublished = {U.S. Patent 3,050,870},
  month =        {August},
  day =          28,
  year =         1962,
  note =         {Filed Februrary 22, 1962.},
  annote =       {is this right?}
},

@article{kaye:puc,
  year =         2014,
  issn =         {1617-4909},
  journal =      {Personal and Ubiquitous Computing},
  volume =       18,
  number =       4,
  doi =          {10.1007/s00779-014-0773-4},
  title =        {Special issue on science fiction and ubiquitous
                  computing},
  url =          {http://dx.doi.org/10.1007/s00779-014-0773-4},
  publisher =    {Springer London},
  author =       {Kaye, Jofish and Dourish, Paul},
  pages =        {765-766},
  language =     {English}
}

@Misc{psy:gangnam,
  author =       {Psy},
  title =        {Gangnam Style},
  howpublished = {Video},
  month =        {July},
  day =          15,
  year =         2012,
  note =         {Retrieved August 22, 2014 from
                  \url{https://www.youtube.com/watch?v=9bZkp7q19f0}},
  annote =       {Video URL}
}

@PhdThesis{sutherland:sketchpad,
  author =       {Ivan E. Sutherland},
  title =        {Sketchpad, a Man-Machine Graphical Communication
                  System},
  school =       {Massachusetts Institute of Technology},
  year =         1963,
  address =      {Cambridge, MA},
}

@InBook{winner:politics,
  author =       {Langdon Winner},
  title =        {The Social Shaping of Technology},
  chapter =      {Do artifacts have politics?},
  publisher =    {Open University Press},
  year =         1999,
  address =      {UK},
  edition =      {2nd},
  pages =        {28--40},
}
